<record><leader>00000cas a2200000 a 4500</leader><controlfield tag="001">11136892</controlfield><controlfield tag="008">840910d18821883ksuwr ne      0   a0eng d</controlfield><datafield ind1=" " ind2=" " tag="010"><subfield code="a">sn 84029684 </subfield></datafield><datafield ind1=" " ind2=" " tag="040"><subfield code="a">KSH</subfield><subfield code="b">eng</subfield><subfield code="c">KSH</subfield><subfield code="d">NPT</subfield><subfield code="d">OCL</subfield><subfield code="d">OCLCQ</subfield></datafield><datafield ind1=" " ind2=" " tag="042"><subfield code="a">msc</subfield></datafield><datafield ind1="0" ind2="0" tag="245"><subfield code="a">Kinsley republican-grahic.</subfield></datafield><datafield ind1="3" ind2="0" tag="246"><subfield code="a">Kinsley republican graphic</subfield></datafield><datafield ind1=" " ind2=" " tag="260"><subfield code="a">Kinsley, Kan. :</subfield><subfield code="b">[s.n.],</subfield><subfield code="c">1882-1883.</subfield></datafield><datafield ind1=" " ind2=" " tag="300"><subfield code="a">1 v. :</subfield><subfield code="b">ill. ;</subfield><subfield code="c">60-65 cm.</subfield></datafield><datafield ind1=" " ind2=" " tag="310"><subfield code="a">Weekly</subfield></datafield><datafield ind1="0" ind2=" " tag="362"><subfield code="a">Vol. 5, no. 11 (Jan. 12, 1882)-v. 6, no. 19 (Mar. 8, 1883).</subfield></datafield><datafield ind1=" " ind2=" " tag="752"><subfield code="a">United States</subfield><subfield code="b">Kansas</subfield><subfield code="c">Edwards</subfield><subfield code="d">Kinsley.</subfield></datafield><datafield ind1="0" ind2="4" tag="780"><subfield code="t">Kinsley republican</subfield><subfield code="w">(DLC)sn 84029675</subfield></datafield><datafield ind1="0" ind2="4" tag="780"><subfield code="t">Kinsley graphic</subfield><subfield code="w">(DLC)sn 84029676</subfield></datafield><datafield ind1="0" ind2="0" tag="785"><subfield code="t">Kinsley graphic (Kinsley, Kan. : 1883)</subfield><subfield code="w">(DLC)sn 84029683</subfield></datafield></record>